@INPROCEEDINGS{Li00thepartition,
    author = {Guangzhi Li and Rahul Simha},
    title = {The Partition Coloring Problem and its Application to Wavelength Routing and Assignment},
    booktitle = {In Proceedings of the First Workshop on Optical Networks},
    year = {2000}
}
@article{noronha2006routing,
  title={{Routing and wavelength assignment by partition colouring}},
  author={Noronha, T.F. and Ribeiro, C.C.},
  journal={European Journal of Operational Research},
  volume={171},
  number={3},
  pages={797--810},
  year={2006},
  publisher={Elsevier}
}
@article{skorin2007routing,
  title={{Routing and wavelength assignment in optical networks using bin packing based algorithms}},
  author={Skorin-Kapov, N.},
  journal={European Journal of Operational Research},
  volume={177},
  number={2},
  pages={1167--1179},
  year={2007},
  publisher={Elsevier}
}
@phdthesis{kleinberg1996approximation,
  title={{Approximation algorithms for disjoint paths problems}},
  author={Kleinberg, J.M.},
  year={1996},
  school={Citeseer}
}
@conference{noronha2007random,
  title={{A random-keys genetic algorithm for routing and wavelength assignment}},
  author={Noronha, T.F. and Resende, M.G.C. and Ribeiro, C.C.},
  booktitle={Seventh Metaheuristics International Conference, Montr{\'e}al, Canad{\'a}},
  year={2007},
  organization={Citeseer}
}
@conference{hyytia14wavelength,
  title={{Wavelength assignment and routing in WDM networks}},
  author={Hyytia, E. and Virtamo, J.},
  booktitle={Proc. of the 14th Nordic Teletraffic Seminar (NTS-14)},
	year={1998},  
  organization={Citeseer}
}
@article{manohar2002routing,
  title={{Routing and wavelength assignment in optical networks from edge disjoint path algorithms}},
  author={Manohar, P. and Manjunath, D. and Shevgaonkar, RK},
  journal={IEEE Communications Letters},
  volume={6},
  number={5},
  pages={211},
  year={2002}
}
@article{lee2002optimization,
  title={{An optimization approach to routing and wavelength assignment in WDM all-optical mesh networks without wavelength conversion}},
  author={Lee, K. and Kang, K.C. and Lee, T. and Park, S.},
  journal={ETRI journal},
  volume={24},
  number={2},
  pages={131--141},
  year={2002}
}
@article{frota2010branch,
  title={{A branch-and-cut algorithm for partition coloring}},
  author={Frota, Y. and Maculan, N. and Noronha, T.F. and Ribeiro, C.C.},
  journal={Networks},
  volume={55},
  number={3},
  pages={194--204},
  year={2010},
  publisher={John Wiley \& Sons}
}
@article{campelo2008asymmetric,
  title={{On the asymmetric representatives formulation for the vertex coloring problem}},
  author={Camp{\^e}lo, M. and Campos, V.A. and Corr{\^e}a, R.C.},
  journal={Discrete Applied Mathematics},
  volume={156},
  number={7},
  pages={1097--1111},
  year={2008},
  publisher={Elsevier}
}
@article{campelo2004cliques,
  title={{Cliques, holes and the vertex coloring polytope}},
  author={Camp{\^e}lo, M. and Corr{\^e}a, R. and Frota, Y.},
  journal={Information Processing Letters},
  volume={89},
  number={4},
  pages={159--164},
  year={2004},
  publisher={Elsevier}
}
@article{welsh1967upper,
  title={{An upper bound for the chromatic number of a graph and its application to timetabling problems}},
  author={Welsh, D.J.A. and Powell, MB},
  journal={The Computer Journal},
  volume={10},
  number={1},
  pages={85},
  year={1967},
  publisher={Br Computer Soc}
}
@article{matula1972graph,
  title={{Graph coloring algorithms}},
  author={Matula, D.W. and Marble, G. and Isaacson, J.D.},
  journal={Graph theory and computing},
  pages={109--122},
  year={1972}
}
@article{brelaz1979new,
  title={{New methods to color the vertices of a graph}},
  author={Br{\'e}laz, D.},
  journal={Communications of the ACM},
  volume={22},
  number={4},
  pages={251--256},
  year={1979},
  publisher={ACM}
}
@article{sewell1996improved,
  title={{An improved algorithm for exact graph coloring}},
  author={Sewell, E.},
  journal={Cliques, coloring, and satisfiability: second DIMACS implementation challenge, October 11-13, 1993},
  pages={359},
  year={1996},
  publisher={Amer Mathematical Society}
}
@article{mehrotra1996column,
  title={{A column generation approach for graph coloring}},
  author={Mehrotra, A. and Trick, M.A.},
  journal={INFORMS Journal on Computing},
  volume={8},
  number={4},
  pages={344},
  year={1996}
}
@article{figueiredo2005acyclic,
  title={{Acyclic orientations with path constraints}},
  author={Figueiredo, R.M.V. and Barbosa, V.C. and Maculan, N. and Souza, C.C.},
  journal={Arxiv preprint cs/0510064},
  year={2005}
}
@article{mendez2006branch,
  title={{A branch-and-cut algorithm for graph coloring}},
  author={M{\'e}ndez-D{\'\i}az, I. and Zabala, P.},
  journal={Discrete Applied Mathematics},
  volume={154},
  number={5},
  pages={826--847},
  year={2006},
  publisher={Elsevier}
}
@article{mendez2008cutting,
  title={{A cutting plane algorithm for graph coloring}},
  author={M{\'e}ndez-D{\'\i}az, I. and Zabala, P.},
  journal={Discrete Applied Mathematics},
  volume={156},
  number={2},
  pages={159--179},
  year={2008},
  publisher={Elsevier}
}
@MISC{networkx,
      TITLE = "NetworkX Version 1.1",
      MONTH = "April",
      YEAR = {2010},
      NOTE = "\texttt{http://networkx.lanl.gov/}"
}
@MISC{dimacs,
      TITLE = "Dimacs Challenge Instances",
      NOTE = "\texttt{http://mat.gsia.cmu.edu/COLOR02/}"
}
@MISC{trickdsatur,
      TITLE = "\textsc{dsatur} C implementation",
	  AUTHOR = "Michael Trick",
 	  MONTH = "November",
      YEAR = {1994},
      NOTE = "\texttt{http://mat.gsia.cmu.edu/COLOR/solvers/trick.c}"
}
@MISC{cplex121,
      TITLE = "User's Manual for CPLEX",
	  AUTHOR = "IBM ILOG CPLEX V12.1",
      YEAR = {2009}
}
@article{holme2002growing,
  title={{Growing scale-free networks with tunable clustering}},
  author={Holme, P. and Kim, B.J.},
  journal={Physical Review E},
  volume={65},
  number={2},
  pages={26107},
  year={2002},
  publisher={APS}
}
@article{erdosrenyi,
  title={{On Random Graphs}},
  author={Erdos, P. and Renyi, A.},
  journal={Publicationes Mathematicae 6},
  pages={290--297},
  year={1959},
}
@conference{nikolopoulos2004hole,
  title={{Hole and antihole detection in graphs}},
  author={Nikolopoulos, S.D. and Palios, L.},
  booktitle={Proceedings of the fifteenth annual ACM-SIAM symposium on Discrete algorithms},
  pages={859},
  year={2004},
  organization={Society for Industrial and Applied Mathematics}
}
@article{gomory1958outline,
  title={{Outline of an algorithm for integer solutions to linear programs}},
  author={Gomory, R.E.},
  journal={Bulletin of the American Mathematical Society},
  volume={64},
  number={5},
  pages={275--278},
  year={1958}
}
@article{balas1993lift,
  title={{A lift-and-project cutting plane algorithm for mixed 0--1 programs}},
  author={Balas, E. and Ceria, S. and Cornu{\'e}jols, G.},
  journal={Mathematical Programming},
  volume={58},
  number={1},
  pages={295--324},
  year={1993},
  publisher={Springer}
}
@article{grotschel1981ellipsoid,
  title={The ellipsoid method and its consequences in combinatorial optimization},
  author={Gr\"{o}tschel, M. and Lov{\'a}sz, L. and Schrijver, A.},
  journal={Combinatorica},
  volume={1},
  number={2},
  pages={169--197},
  year={1981},
  publisher={Springer}
}

@article{karp2010reducibility,
  title={Reducibility among combinatorial problems},
  author={Karp, R.M.},
  journal={Complexity of computer computations},
  year={1972},
  pages={85--104},
  publisher={Plenum Press, New York}
}